@article{Dalfovo1998,
    title = {{Theory of Bose-Einstein condensation for trapped atoms}},
    year = {1998},
    journal = {Reviews of Modern Physics},
    author = {Dalfovo, F and Giorgini, S and Pitaevskii, L P and Stringari, S},
    number = {3},
    pages = {69},
    volume = {71},
    publisher = {APS},
    url = {http://arxiv.org/abs/cond-mat/9710045},
    institution = {Universiteit van Amsterdam}
}

@article{Wieman1991,
    title = {{Using diode lasers for atomic physics}},
    year = {1991},
    journal = {Review of Scientific Instruments},
    author = {Wieman, Carl E and Hollberg, Leo},
    number = {1},
    pages = {1--20},
    volume = {62},
    publisher = {AIP},
    url = {http://link.aip.org/link/RSINAK/v62/i1/p1/s1&Agg=doi},
    doi = {10.1063/1.1142305},
    issn = {00346748}
}

@article{Steck2010,
    title = {{Rubidium 87 D Line Data}},
    year = {2010},
    journal = {Journal of Geophysical Research},
    author = {Steck, Daniel Adam},
    number = {2},
    pages = {31},
    series = {revision 2.1.2, 12 August 2009},
    volume = {2009},
    publisher = {{\textbackslash}{\textbackslash} {\textbackslash}url{\{}http://steck.us/alkalidata/{\}}},
    url = {http://steck.us/alkalidata},
    institution = {University of Oregon},
    doi = {10.1029/JB075i002p00463},
    issn = {00301299}
}

@book{Siegman,
    title = {{Lasers}},
    author = {Siegman, Anthony}
}

@misc{Orozco,
    title = {{ABCD Matrices}},
    author = {Orozco, Luis}
}

@article{Aubin2013,
    title = {{The Francium facility at TRIUMF}},
    year = {2013},
    author = {Aubin, S. and Behr, J. a. and Chen, G. and Collister, R. and Flambaum, V. V. and Gomez, E. and Gwinner, G. and Jackson, K. P. and Melconian, D. and Orozco, L. a. and Pearson, M. R. and Ruiz, M. C. and Sheng, D. and Shin, Y. H. and Sprouse, G. D. and Tandecki, M. and Zhang, J. and Zhao, Y.},
    number = {1},
    pages = {530--537},
    volume = {530},
    url = {http://link.aip.org/link/APCPCS/v1525/i1/p530/s1&Agg=doi},
    isbn = {9780735411487},
    doi = {10.1063/1.4802385},
    keywords = {12, 15-y, 30, 31, atomic parity non-conservation, francium, gs, jg, pacs, weak interactions}
}

@article{Steck2001,
    title = {{Rubidium 85 D line data}},
    year = {2001},
    author = {Steck, Daniel Adam},
    url = {http://www.steck.us/alkalidata/rubidium87numbers.pdf}
}

@book{Pike1995,
    title = {{The quantum theory of radiation}},
    year = {1995},
    author = {Pike, ER and Sarkar, S},
    number = {4},
    pages = {1--15},
    volume = {1},
    url = {http://books.google.com/books?hl=en&lr=&id=36Z6tj2caC0C&oi=fnd&pg=PA1&dq=The+Quantum+Theory+of+Radiation&ots=yer3gjdqzD&sig=dQtcBHqZ5BC53viE2PGkklMBLFc}
}

@article{Steinbach1997,
    title = {{Saturated Absorption Spectroscopy}},
    year = {1997},
    author = {Steinbach, A},
    number = {1},
    pages = {1432--1436},
    volume = {1436}
}

@misc{Orozcoa,
    title = {{Modes of a Laser.pdf}},
    author = {Orozco, Luis}
}

@article{Walls2003,
    title = {{Measurement of isotope shifts, fine and hyperfine structure splittings of the lithium D lines}},
    year = {2003},
    journal = {The European Physical Journal D},
    author = {Walls, J. and Ashby, R. and Clarke, J.J. and Lu, B. and van Wijngaarden, W.a.},
    number = {2},
    month = {2},
    pages = {159--162},
    volume = {22},
    url = {http://www.springerlink.com/index/10.1140/epjd/e2003-00001-5},
    doi = {10.1140/epjd/e2003-00001-5},
    issn = {1434-6060}
}

@article{Steck2000,
    title = {{Sodium D line data}},
    year = {2000},
    journal = {Report, Los Alamos National Laboratory, Los Alamos},
    author = {Steck, Daniel Adam},
    pages = {1--29},
    url = {http://www.steck.us/alkalidata/sodiumnumbers.pdf}
}

@article{Wu2011,
    title = {{Pulsed Sisyphus Scheme for Laser Cooling of Atomic (Anti)Hydrogen}},
    year = {2011},
    journal = {Physical Review Letters},
    author = {Wu, Saijun and Brown, Roger C. and Phillips, William D. and Porto, J. V.},
    number = {21},
    month = {5},
    pages = {213001},
    volume = {106},
    url = {http://link.aps.org/doi/10.1103/PhysRevLett.106.213001},
    doi = {10.1103/PhysRevLett.106.213001},
    issn = {0031-9007}
}

@article{Sansonetti2011,
    title = {{Absolute Transition Frequencies and Quantum Interference in a Frequency Comb Based Measurement of the {\^{}}{\{}6,7{\}}Li D Lines}},
    year = {2011},
    journal = {Physical Review Letters},
    author = {Sansonetti, Craig J. and Simien, C. E. and Gillaspy, J. D. and Tan, Joseph N. and Brewer, Samuel M. and Brown, Roger C. and Wu, Saijun and Porto, J. V.},
    number = {2},
    month = {7},
    pages = {023001},
    volume = {107},
    url = {http://link.aps.org/doi/10.1103/PhysRevLett.107.023001},
    doi = {10.1103/PhysRevLett.107.023001},
    issn = {0031-9007}
}

@article{Kuhr2006,
    title = {{Ultrahigh finesse Fabry-Perot superconducting resonator}},
    year = {2006},
    journal = {arXiv preprint quant-ph/ {\ldots}},
    author = {Kuhr, S and Gleyzes, S and Guerlin, C and Bernu, J},
    pages = {10--12},
    url = {http://arxiv.org/abs/quant-ph/0612138},
    arxivId = {arXiv:quant-ph/0612138v2},
    archivePrefix = {arXiv},
    eprint = {0612138v2},
    primaryClass = {quant-ph}
}

@article{Simon2013,
    title = {{Towards redistribution laser cooling of molecular gases: production of candidtate molecules SrH by laser ablation}},
    year = {2013},
    journal = {SPIE {\ldots}},
    author = {Simon, P and Moroshkin, P},
    pages = {1--7},
    url = {http://proceedings.spiedigitallibrary.org/proceeding.aspx?articleid=1666755},
    arxivId = {arXiv:1303.5233v1},
    keywords = {atomic collisions, laser ablation, laser cooling, redistribution of radiation, strontium monohydride}
}

@article{Hutzler2012,
    title = {{The buffer gas beam: an intense, cold, and slow source for atoms and molecules.}},
    year = {2012},
    journal = {Chemical reviews},
    author = {Hutzler, Nicholas R and Lu, Hsin-I and Doyle, John M},
    number = {9},
    month = {9},
    pages = {4803--27},
    volume = {112},
    url = {http://www.ncbi.nlm.nih.gov/pubmed/22571401},
    doi = {10.1021/cr200362u},
    issn = {1520-6890},
    pmid = {22571401}
}

@article{Watson1932,
    title = {{The spectrum of strontium hydride}},
    year = {1932},
    journal = {Physical Review},
    author = {Watson, WW and Fredrickson, WR},
    number = {1931},
    volume = {39},
    url = {http://prola.aps.org/abstract/PR/v39/i5/p765_1}
}

@article{Mao2011,
    title = {{Laser Ablation Molecular Isotopic Spectrometry: Strontium and its isotopes}},
    year = {2011},
    journal = {Spectrochimica Acta Part B: Atomic Spectroscopy},
    author = {Mao, Xianglei and Bol'shakov, Alexander a. and Choi, Inhee and McKay, Christopher P. and Perry, Dale L. and Sorkhabi, Osman and Russo, Richard E.},
    number = {11-12},
    month = {11},
    pages = {767--775},
    volume = {66},
    publisher = {Elsevier B.V.},
    url = {http://linkinghub.elsevier.com/retrieve/pii/S0584854711002308},
    doi = {10.1016/j.sab.2011.12.002},
    issn = {05848547},
    keywords = {LAMIS of strontium, LIBS analysis, laser ablation plasma, molecular emission spectrum, optical isotopic measurement}
}

@article{Steimle2004,
    title = {{A study of the A2{$\Pi$}/B2{$\Sigma$}+ X2{$\Sigma$}+ band systems of calcium monohydride (CaH) using a supersonic molecular beam source and laser-induced fluorescence detection}},
    year = {2004},
    journal = {Canadian journal of {\ldots}},
    author = {Steimle, TC and Gengler, Jamie and Chen, Jinhai},
    url = {http://www.nrcresearchpress.com/doi/pdf/10.1139/v04-077},
    doi = {10.1139/V04-077},
    keywords = {0, 1, a 2 {$\pi$}, analys{\'{e}} le spectre de, b 2 {$\sigma$}, bande, bandes, cah, calcium monohydride, d, dans la r{\'{e}}gion de, de, du monohydrure de calcium, et, et du syst{\`{e}}me de, et {\`{a}} haute r{\'{e}}solution, fluorescence, fluorescence induite au laser, fort recouvrement des syst{\`{e}}mes, l, molecular beam, on a enregistr{\'{e}} et, pr{\`{e}}s de, pr{\`{e}}s de 630 nm, r{\'{e}}sum{\'{e}}, un {\'{e}}chantillon {\`{a}}, x 2 {$\sigma$}, {\'{e}}tat de faisceau mol{\'{e}}culaire}
}

@article{Troyan2013,
    title = {{Generation of thorium ions by laser ablation and inductively coupled plasma techniques for optical nuclear spectroscopy}},
    year = {2013},
    journal = {Laser Physics Letters},
    author = {Troyan, V I and Borisyuk, P V and Khalitov, R R and Krasavin, a V and Lebedinskii, Yu Yu and Palchikov, V G and Poteshin, S S and Sysoev, a a and Yakovlev, V P},
    number = {10},
    month = {10},
    pages = {105301},
    volume = {10},
    url = {http://stacks.iop.org/1612-202X/10/i=10/a=105301?key=crossref.31115f9c2d4effc009d5bf8c73314886},
    doi = {10.1088/1612-2011/10/10/105301},
    issn = {1612-2011}
}

@article{Jayich,
    title = {{Continuous all-optical deceleration and single-photon cooling of molecular beams}},
    author = {Jayich, A M and Vutha, A C and Hummon, M T and Porto, J V and Campbell, W C},
    pages = {1--9},
    arxivId = {arXiv:1312.4499v1}
}

@book{Maxwell2007,
    title = {{Buffer gas cooled atoms and molecules: Production, collisional studies, and applications}},
    year = {2007},
    author = {Maxwell, SE},
    number = {July},
    url = {http://adsabs.harvard.edu/abs/2007PhDT.......192M}
}

@book{Patterson2010,
    title = {{Buffer gas cooled beams and cold molecular collisions}},
    year = {2010},
    author = {Patterson, David},
    number = {March},
    url = {http://adsabs.harvard.edu/abs/2010PhDT........45P}
}

@article{Maxwell2005,
    title = {{High-Flux Beam Source for Cold, Slow Atoms or Molecules}},
    year = {2005},
    journal = {Physical Review Letters},
    author = {Maxwell, S. E. and Brahms, N. and deCarvalho, R. and Glenn, D. R. and Helton, J. S. and Nguyen, S. V. and Patterson, D. and Petricka, J. and DeMille, D. and Doyle, J. M.},
    number = {17},
    month = {10},
    pages = {173201},
    volume = {95},
    url = {http://link.aps.org/doi/10.1103/PhysRevLett.95.173201},
    doi = {10.1103/PhysRevLett.95.173201},
    issn = {0031-9007}
}

@article{Vallon2009,
    title = {{Room-temperature metal-hydride discharge source, with observations on NiH and FeH.}},
    year = {2009},
    journal = {The journal of physical chemistry. A},
    author = {Vallon, Raphaël and Ashworth, Stephen H and Crozet, Patrick and Field, Robert W and Forthomme, Damien and Harker, Heather and Richard, Cyril and Ross, Amanda J},
    number = {47},
    month = {11},
    pages = {13159--66},
    volume = {113},
    url = {http://www.ncbi.nlm.nih.gov/pubmed/19603775},
    doi = {10.1021/jp9033968},
    issn = {1520-5215},
    pmid = {19603775},
    keywords = {Argon, Argon: chemistry, Hydrogen, Hydrogen: chemistry, Iron, Iron: chemistry, Nickel, Nickel: chemistry, Temperature}
}

@article{Bridge2009,
    title = {{A vapor cell based on dispensers for laser spectroscopy.}},
    year = {2009},
    journal = {The Review of scientific instruments},
    author = {Bridge, E M and Millen, J and Adams, C S and Jones, M P a},
    number = {1},
    month = {1},
    pages = {013101},
    volume = {80},
    url = {http://www.ncbi.nlm.nih.gov/pubmed/19191423},
    doi = {10.1063/1.3036980},
    issn = {1089-7623},
    pmid = {19191423}
}

@article{Lu2013,
    title = {{Magnetic Trapping of Molecules via Optical Loading and Magnetic Slowing}},
    year = {2013},
    journal = {arXiv preprint arXiv: {\ldots}},
    author = {Lu, HI and Kozyryev, I and Hemmerling, B},
    number = {December},
    url = {http://arxiv.org/abs/1310.2669}
}

@article{Popov1998,
    title = {{Hot Langmuir probe measurements in a chemically reactive plasma and accurate evaluation of the electron energy distribution function †}},
    year = {1998},
    journal = {Vacuum},
    author = {Popov, Ts and Petkov, I},
    number = {2},
    volume = {51},
    url = {http://www.sciencedirect.com/science/article/pii/S0042207X98001390}
}

@article{AMO,
    title = {{Gaussian Beams and the Knife-Edge Measurement Gaussian Beams}},
    author = {AMO, Durham},
    pages = {1--6}
}

@article{DeLabachelerie1993,
    title = {{Mode-hop suppression of Littrow grating-tuned lasers.}},
    year = {1993},
    journal = {Applied optics},
    author = {de Labachelerie, M and Passedat, G},
    number = {3},
    month = {1},
    pages = {269--74},
    volume = {32},
    url = {http://www.ncbi.nlm.nih.gov/pubmed/20802683},
    issn = {0003-6935},
    pmid = {20802683}
}

@incollection{Dorohoi2010,
    title = {{Fundamental Optics}},
    year = {2010},
    author = {Dorohoi, DO},
    pages = {93--156},
    url = {http://scholar.google.com/scholar?hl=en&btnG=Search&q=intitle:Fundamental+optics#1}
}

@article{Adams1997,
    title = {{Laser cooling and manipulation of neutral particles}},
    year = {1997},
    journal = {tekhnoscan.com},
    author = {Adams, CS and Riis, Erling},
    pages = {1--39},
    url = {http://www.tekhnoscan.com/files/newoptics.pdf}
}

@article{Egorov2004a,
    title = {{Buffer-gas cooling of diatomic molecules}},
    year = {2004},
    author = {Egorov, DM},
    number = {August},
    url = {http://www.rle.mit.edu/cua/Site_Review2006/Dima.pdf}
}

@article{Sorrentino2006,
    title = {{Laser cooling and trapping of atomic strontium for ultracold atoms physics, high-precision spectroscopy and quantum sensors}},
    year = {2006},
    journal = {{\ldots} Physics Letters B},
    author = {Sorrentino, F and Ferrari, G and Poli, N},
    url = {http://www.worldscientific.com/doi/abs/10.1142/S0217984906011682},
    arxivId = {arXiv:physics/0609133v1},
    archivePrefix = {arXiv},
    eprint = {0609133v1},
    primaryClass = {physics}
}

@article{Spaun2014,
    title = {{A Ten-Fold Improvement to the Limit of the Electron Electric Dipole Moment}},
    year = {2014},
    journal = {PhD thesis, Harvard University},
    author = {Spaun, Benjamin Norman},
    number = {May},
    keywords = {ACME, ACME limit, EDM, EDM limit, eEDM, electric dipole moment, electron EDM, electron electric dipole moment}
}

@article{Lam2015,
    title = {{A chopper system for shortening the duration of pulsed supersonic beams seeded with NO or Br2 down to 13 {$\mu$}s}},
    year = {2015},
    journal = {Review of Scientific Instruments},
    author = {Lam, Jessica and Rennick, Christopher J. and Softley, Timothy P.},
    number = {5},
    pages = {053108},
    volume = {86},
    url = {http://arxiv.org/abs/1505.01720%5Cnhttp://scitation.aip.org/content/aip/journal/rsi/86/5/10.1063/1.4921398},
    isbn = {0034-6748},
    doi = {10.1063/1.4921398},
    issn = {0034-6748},
    pmid = {26026515},
    arxivId = {1505.01720}
}

@article{Zatsarinny2016,
    title = {{Calculations for electron-impact excitation and ionization of beryllium}},
    year = {2016},
    journal = {Journal of Physics B: Atomic, Molecular and Optical Physics},
    author = {Zatsarinny, Oleg and Bartschat, Klaus and Fursa, Dmitry V. and Bray, Igor},
    number = {23},
    pages = {1--9},
    volume = {49},
    url = {http://arxiv.org/abs/1606.01326},
    doi = {10.1088/0953-4075/49/23/235701},
    issn = {0953-4075},
    arxivId = {1606.01326},
    keywords = {34.80.Bm, 34.80.Dp, B-spline R-matrix, R-matrix with pseudostates, beryllium, convergent close-coupling, electron collisions}
}

@article{Fakult2008,
    title = {{Coulomb Crystal Studies , Sympathetic Cooling , and Mass Spectrometry Using Laser-Cooled Be + Ions}},
    year = {2008},
    author = {Fakult, Mathematisch-naturwissenschaftlichen},
    number = {April}
}

@article{Jankunas2015,
    title = {{Cold and Controlled Molecular Beams: Production and Applications}},
    year = {2015},
    journal = {Annual Review of Physical Chemistry},
    author = {Jankunas, Justin and Osterwalder, Andreas},
    number = {1},
    pages = {241--262},
    volume = {66},
    url = {http://www.annualreviews.org/doi/abs/10.1146/annurev-physchem-040214-121307},
    doi = {10.1146/annurev-physchem-040214-121307},
    issn = {0066-426X},
    pmid = {25532950},
    keywords = {cold chemistry, cold molecules, spectroscopy}
}

@article{Roth2006,
    title = {{Ion-neutral chemical reactions between ultracold localized ions and neutral molecules with single-particle resolution}},
    year = {2006},
    journal = {Physical Review A - Atomic, Molecular, and Optical Physics},
    author = {Roth, B. and Blythe, P. and Wenz, H. and Daerr, H. and Schiller, S.},
    number = {4},
    pages = {1--9},
    volume = {73},
    doi = {10.1103/PhysRevA.73.042712},
    issn = {10502947}
}

@misc{Bollinger1985,
    title = {{Hyperfine structure of the 2p2P1/2 state in 9Be+}},
    year = {1985},
    booktitle = {Physical Review A},
    author = {Bollinger, J J and Wells, J S and Wineland, D J and Itano, Wayne M},
    number = {4},
    pages = {2711--2714},
    volume = {31},
    url = {http://link.aps.org/doi/10.1103/PhysRevA.31.2711%5Cnhttp://link.aps.org/abstract/PRA/v31/p2711},
    doi = {10.1103/PhysRevA.31.2711},
    issn = {0556-2791},
    keywords = {Penning trap, beryllium, double resonance, hyperfine structure}
}

@article{Day2006,
    title = {{Basics and Applications of Cryopumps}},
    year = {2006},
    journal = {CERN Accelerator School Proceedings on 'Vacuum in Accelerators'},
    author = {Day, C},
    pages = {241--274},
    isbn = {9789290832942},
    doi = {10.5170/CERN-2007-003.241}
}

@article{Kleiner2016,
    title = {{Quantum Control of Be + Ions}},
    year = {2016},
    author = {Kleiner, Edward K and Hanneke, Advisor David A}
}

@article{Jost2009,
    title = {{Entangled mechanical oscillators}},
    year = {2009},
    journal = {Nature},
    author = {Jost, John D and Home, J P and Amini, J M and Hanneke, D and Ozeri, R and Langer, C and Bollinger, J J and Leibfried, D and Wineland, D J},
    number = {7247},
    pages = {683--685},
    volume = {459},
    url = {http://dx.doi.org/10.1038/nature08006%5Cnpapers3://publication/doi/10.1038/nature08006},
    isbn = {0028-0836},
    doi = {10.1038/nature08006},
    issn = {0028-0836},
    pmid = {19494911},
    arxivId = {0901.4779},
    keywords = {various}
}

@article{Flores2008,
    title = {{The role of the excited electronic states in the C[sup +]+H[sub 2]O reaction}},
    year = {2008},
    journal = {The Journal of Chemical Physics},
    author = {Flores, Jesús R and González, Adán B.},
    number = {14},
    pages = {144310},
    volume = {128},
    url = {http://www.ncbi.nlm.nih.gov/pubmed/18412448%5Cnhttp://scitation.aip.org/content/aip/journal/jcp/128/14/10.1063/1.2903465},
    doi = {10.1063/1.2903465},
    issn = {00219606},
    pmid = {18412448}
}

@article{Sommer2011,
    title = {{Construction and Operation of a Cryogenic Source for Cold Polar Molecules}},
    year = {2011},
    journal = {PHD thesis},
    author = {Sommer, Christian},
    number = {April},
    pages = {160}
}

@article{Tizniti2014,
    title = {{The rate of the F + H2 reaction at very low temperatures.}},
    year = {2014},
    journal = {Nature chemistry},
    author = {Tizniti, Meryem and Le Picard, Sébastien D and Lique, François and Berteloite, Coralie and Canosa, André and Alexander, Millard H and Sims, Ian R},
    number = {2},
    pages = {141--5},
    volume = {6},
    url = {http://www.ncbi.nlm.nih.gov/pubmed/24451590},
    doi = {10.1038/nchem.1835},
    issn = {1755-4349},
    pmid = {24451590},
    keywords = {Cold Temperature, Fluorine, Fluorine: chemistry, Gases, Gases: chemistry, Hydrogen, Hydrogen: chemistry, Quantum Theory}
}

@article{MartinT.BellaAlexanderD.GingellaJamesM.Oldham2009,
    title = {{Ion-molecule chemistry at very low temperatures: cold chemical reactions between Coulomb-crystallized ions and velocity-selected neutral molecules}},
    year = {2009},
    journal = {Faraday discussions},
    author = {Martin T. Bell,a Alexander D. Gingell,a James M. Oldham, a Timothy P. Softley*a and Stefan Willitsch},
    pages = {9--23},
    volume = {142},
    url = {http://xlink.rsc.org/?doi=B819726A%5Cnhttp://xlink.rsc.org/?DOI=b910118g%5Cnhttp://xlink.rsc.org/?doi=b818733a},
    isbn = {0471720011},
    doi = {10.1039/b910118g},
    issn = {1359-6640},
    pmid = {20151535},
    arxivId = {0906.4355}
}

@article{Ratschbacher2012,
    title = {{Controlling chemical reactions of a single particle}},
    year = {2012},
    journal = {Nature Physics},
    author = {Ratschbacher, Lothar and Zipkes, Christoph and Sias, Carlo and K{\"{o}}hl, Michael},
    number = {9},
    pages = {649--652},
    volume = {8},
    url = {http://dx.doi.org/10.1038/nphys2373},
    isbn = {1745-2473{\textbackslash}r1745-2481},
    doi = {10.1038/nphys2373},
    issn = {1745-2473},
    arxivId = {arXiv:1206.4507v1},
    keywords = {atom-ion collision, ultracold chemistry}
}

@article{Barry2013,
    title = {{Laser cooling and slowing of a diatomic molecule Dissertation Director : David DeMille}},
    year = {2013},
    journal = {Thesis},
    author = {Barry, John F},
    pages = {304},
    isbn = {978-1-303-71588-4},
    doi = {10.1038/nature09443},
    issn = {0028-0836},
    pmid = {20852614},
    arxivId = {1103.6004}
}

@article{Tscherbul2015,
    title = {{Adiabatic channel capture theory applied to cold atom-molecule reactions: Li + CaH ??? LiH + Ca at 1K}},
    year = {2015},
    journal = {New Journal of Physics},
    author = {Tscherbul, Timur V. and Buchachenko, Alexei A.},
    pages = {1--10},
    volume = {17},
    publisher = {IOP Publishing},
    doi = {10.1088/1367-2630/17/3/035010},
    issn = {13672630},
    arxivId = {1412.4575},
    keywords = {Caprture theory, Potential energy surface, Ultracold chemical reactions}
}

@article{Weinstein1998,
    title = {{Spectroscopy of buffer-gas cooled vanadium monoxide in a magnetic trapping field}},
    year = {1998},
    journal = {Journal of Chemical Physics},
    author = {Weinstein, Jonathan D. and Decarvalho, Robert and Amar, Karine and Boca, Andreea and Odom, Brian C. and Friedrich, Bretislav and Doyle, John M.},
    number = {7},
    pages = {2656--2661},
    volume = {109},
    doi = {10.1063/1.476864},
    issn = {00219606}
}

@article{Even2014,
    title = {{Pulsed Supersonic Beams from High Pressure Source: Simulation Results and Experimental Measurements}},
    year = {2014},
    journal = {Advances in Chemistry},
    author = {Even, U},
    number = {Section 3},
    pages = {1--11},
    volume = {2014},
    url = {http://www.hindawi.com/journals/ac/2014/636042/},
    doi = {10.1155/2014/636042},
    issn = {2356-6612}
}

@article{Even2015,
    title = {{The Even-Lavie valve as a source for high intensity supersonic beam}},
    year = {2015},
    journal = {EPJ Techniques and Instrumentation},
    author = {Even, Uzi},
    number = {1},
    pages = {17},
    volume = {2},
    publisher = {EPJ Techniques and Instrumentation},
    url = {http://www.epjtechniquesandinstrumentation.com/content/2/1/17},
    isbn = {2195-7045},
    doi = {10.1140/epjti/s40485-015-0027-5},
    issn = {2195-7045}
}

@article{Oldham2014,
    title = {{A chirped-pulse Fourier-transform microwave / pulsed uniform flow spectrometer . I . The low-temperature flow system A chirped-pulse Fourier-transform microwave / pulsed uniform flow spectrometer . I . The low-temperature flow system}},
    year = {2014},
    journal = {Journal of Chemical Physics},
    author = {Oldham, James M and Abeysekera, Chamara and Joalland, Baptiste and Zack, Lindsay N and Prozument, Kirill and Sims, Ian R and Park, Barratt and Field, Robert W and Suits, Arthur G and Oldham, James M and Abeysekera, Chamara and Joalland, Baptiste and Zack, Lindsay N and Prozument, Kirill and Sims, Ian R and Park, G Barratt and Field, Robert W and Suits, Arthur G},
    number = {2014},
    volume = {154202},
    url = {http://dx.doi.org/10.1063/1.4897979},
    doi = {10.1063/1.4897979},
    issn = {0021-9606}
}

@article{Stack2012,
    title = {{Optical Forces from Periodic Adiabatic Rapid Passage Sequences on Metastable Helium Atoms}},
    year = {2012},
    author = {Stack, Daniel Thomas and Stack, Daniel Thomas},
    number = {August}
}

@article{Appelblad1986,
    title = {{Fourier Transform Spectroscopy of SrH: The A-X and B-X Band Systems}},
    year = {1986},
    journal = {Physica Scripta},
    author = {Appelblad, O and Klynning, L and Johns, J W C},
    number = {5},
    pages = {415--419},
    volume = {33},
    url = {http://stacks.iop.org/1402-4896/33/i=5/a=006},
    doi = {10.1088/0031-8949/33/5/006},
    issn = {0031-8949}
}

@article{Patterson2007,
    title = {{Bright, guided molecular beam with hydrodynamic enhancement}},
    year = {2007},
    journal = {Journal of Chemical Physics},
    author = {Patterson, David and Doyle, John M.},
    number = {15},
    month = {4},
    pages = {1--6},
    volume = {126},
    url = {http://www.ncbi.nlm.nih.gov/pubmed/17461626},
    isbn = {0021-9606 (Print){\textbackslash}r0021-9606 (Linking)},
    doi = {10.1063/1.2717178},
    issn = {00219606},
    pmid = {17461626},
    arxivId = {physics/0703025}
}

@article{VanHemert2008a,
    title = {{Photodissociation of small carbonaceous molecules of astrophysical interest}},
    year = {2008},
    journal = {Chemical Physics},
    author = {van Hemert, M. C. and van Dishoeck, E. F.},
    number = {2-3},
    pages = {292--302},
    volume = {343},
    doi = {10.1016/j.chemphys.2007.08.011},
    issn = {03010104},
    arxivId = {0806.0083},
    keywords = {Excited electronic states, Interstellar molecules, Molecular data, Oscillator strengths, Photodissociation}
}

@article{Barinovs2004,
    title = {{CH + potential energy curves and photodissociation cross-section}},
    year = {2004},
    journal = {Chemical Physics Letters},
    author = {Barinovs, Ǧirts and Van Hemert, Marc C.},
    number = {4-6},
    pages = {406--411},
    volume = {399},
    doi = {10.1016/j.cplett.2004.10.035},
    issn = {00092614}
}

@article{Kowalski2001,
    title = {{Excited-state potential energy curves of CH+: A comparison of the EOMCCSDt and full EOMCCSDT results}},
    year = {2001},
    journal = {Chemical Physics Letters},
    author = {Kowalski, Karol and Piecuch, Piotr},
    number = {1-3},
    pages = {237--246},
    volume = {347},
    doi = {10.1016/S0009-2614(01)01010-7},
    issn = {00092614}
}

@article{Biglari2014,
    title = {{Ab initio potential energy curves and transition dipole moments for the low-lying states of CH+}},
    year = {2014},
    journal = {Computational and Theoretical Chemistry},
    author = {Biglari, Zeinab and Shayesteh, Alireza and Maghari, Ali},
    number = {1},
    pages = {22--29},
    volume = {1047},
    publisher = {Elsevier B.V.},
    url = {http://dx.doi.org/10.1016/j.comptc.2014.08.012},
    isbn = {1111111111},
    doi = {10.1016/j.comptc.2014.08.012},
    issn = {2210271X},
    keywords = {CH+ ion, Lifetimes, MRCI potential energy curves, Transition dipole moments}
}

@article{Shi2008a,
    title = {{Accurate analytic potential energy function and spectroscopic study for CH(X2{$\Pi$}) radical using coupled-cluster theory in combination with the correlation-consistent quintuple basis set}},
    year = {2008},
    journal = {Journal of Molecular Structure: THEOCHEM},
    author = {Shi, De Heng and Zhang, Jin Ping and Sun, Jin Feng and Liu, Yu Fang and Zhu, Zun Lue and Yu, Ben Hai},
    number = {1-3},
    pages = {101--105},
    volume = {860},
    doi = {10.1016/j.theochem.2008.03.022},
    issn = {01661280},
    keywords = {Centrifugal distortion constant, Dissociation energy, Inertial rotation constant, Spectroscopic parameter, Vibrational level}
}

@article{Zhang2007,
    title = {{Molecular-dynamics simulations of cold single-species and multispecies ion ensembles in a linear Paul trap}},
    year = {2007},
    journal = {Physical Review A - Atomic, Molecular, and Optical Physics},
    author = {Zhang, C. B. and Offenberg, D. and Roth, B. and Wilson, M. A. and Schiller, S.},
    number = {1},
    pages = {1--13},
    volume = {76},
    isbn = {1050-2947},
    doi = {10.1103/PhysRevA.76.012719},
    issn = {10502947}
}

@article{Frhlich2005,
    title = {{Ellipsoidal Coulomb crystals in a linear radio-frequency trap}},
    year = {2005},
    journal = {Physics of Plasmas},
    author = {Fr??hlich, U. and Roth, B. and Schiller, S.},
    number = {7},
    pages = {1--5},
    volume = {12},
    doi = {10.1063/1.1976605},
    issn = {1070664X},
    arxivId = {physics/0412054}
}

@article{Roth2008,
    title = {{Sympathetically cooled molecular ions: from principles to first applications}},
    year = {2008},
    author = {Roth, Bernhard and Schiller, Stephan},
    pages = {52},
    url = {http://arxiv.org/abs/0812.1154},
    arxivId = {0812.1154}
}

@article{Yuan2011,
    title = {{Variable-temperature rate coefficients for the electron transfer reaction N2+ + H2O measured with a coaxial molecular beam radio frequency ring electrode ion trap.}},
    year = {2011},
    journal = {The journal of physical chemistry. A},
    author = {Yuan, Bing and Scott, Zachary and Tikhonov, George and Gerlich, Dieter and Smith, Mark a},
    number = {1},
    pages = {25--9},
    volume = {115},
    url = {http://www.ncbi.nlm.nih.gov/pubmed/21142131},
    isbn = {1520-5215 (Electronic){\textbackslash}r1089-5639 (Linking)},
    doi = {10.1021/jp105850b},
    issn = {1520-5215},
    pmid = {21142131}
}

@book{Franz2009,
    title = {{Low pressure plasmas and microstructuring technology}},
    year = {2009},
    booktitle = {Low Pressure Plasmas and Microstructuring Technology},
    author = {Franz, Gerhard},
    pages = {1--732},
    isbn = {9783540858485},
    doi = {10.1007/978-3-540-85849-2},
    issn = {1098-6596},
    pmid = {25246403},
    arxivId = {arXiv:1011.1669v3}
}

@article{H.J.Halama1981,
    title = {{BNL 30012 Presented at the 1981 Cryogenic Engineering Conference , San Diego , California , August 10-14 , 1981 CRYOPUMPING OF HYDROGEN AMD HELIUM * H . J . Halama , H . C . Hseuh and T . S . Chou Brookhaven National Laboratory Upton , New York 11973 INTR}},
    year = {1981},
    author = {H . J . Halama, H . C . Hseuh and T . S . Chou}
}

@article{Egorov2004,
    title = {{Buffer-gas cooling of NH via the beam loaded buffer-gas method}},
    year = {2004},
    journal = {European Physical Journal D},
    author = {Egorov, D. and Campbell, W. C. and Friedrich, B. and Maxwell, S. E. and Tsikata, E. and Van Buuren, L. D. and Doyle, J. M.},
    number = {2},
    pages = {307--311},
    volume = {31},
    doi = {10.1140/epjd/e2004-00140-1},
    issn = {14346060}
}

@article{Skoff2011,
    title = {{Diffusion, thermalization, and optical pumping of YbF molecules in a cold buffer-gas cell}},
    year = {2011},
    journal = {Physical Review A - Atomic, Molecular, and Optical Physics},
    author = {Skoff, S. M. and Hendricks, R. J. and Sinclair, C. D J and Hudson, J. J. and Segal, D. M. and Sauer, B. E. and Hinds, E. A. and Tarbutt, M. R.},
    number = {2},
    pages = {1--18},
    volume = {83},
    isbn = {1050-29471094-1622},
    doi = {10.1103/PhysRevA.83.023418},
    issn = {10502947},
    arxivId = {1009.5124}
}

@article{Zhang2017,
    title = {{Cold ion chemistry}},
    year = {2017},
    author = {Zhang, Dongdong and Willitsch, Stefan},
    url = {https://arxiv.org/pdf/1703.07133.pdf},
    arxivId = {arXiv:1703.07133v1}
}

@article{Dorscher2013,
    title = {{Creation of ytterbium quantum gases with a compact  D- /  D-MOT setup}},
    year = {2013},
    author = {D{\"{o}}rscher, Sören Erik}
}

@article{Guttridge2016,
    title = {{Direct loading of a large Yb MOT on the {\$}{\{}{\}}{\^{}}{\{}1{\}}{\{}{\{}{\textbackslash}rm{\{}S{\}}{\}}{\}}{\_}{\{}0{\}}{\textbackslash};{\textbackslash}to {\{}{\}}{\^{}}{\{}3{\}}{\{}{\{}{\textbackslash}rm{\{}P{\}}{\}}{\}}{\_}{\{}1{\}}{\$} transition}},
    year = {2016},
    journal = {Journal of Physics B: Atomic, Molecular and Optical Physics},
    author = {Guttridge, A and Hopkins, S A and Kemp, S L and Boddy, D and Freytag, R and Jones, M P A and Tarbutt, M R and Hinds, E A and Cornish, S L},
    number = {14},
    pages = {145006},
    volume = {49},
    publisher = {IOP Publishing},
    url = {http://arxiv.org/abs/1512.06723%0Ahttp://stacks.iop.org/0953-4075/49/i=14/a=145006?key=crossref.727c0916d3efccaef517c939e2675228%0Ahttp://dx.doi.org/10.1088/0953-4075/49/14/145006},
    isbn = {0953-4075},
    doi = {10.1088/0953-4075/49/14/145006},
    issn = {0953-4075},
    arxivId = {1512.06723}
}

@article{McLoughlin2011,
    title = {{Versatile ytterbium ion trap experiment for operation of scalable ion-trap chips with motional heating and transition-frequency measurements}},
    year = {2011},
    journal = {Physical Review A - Atomic, Molecular, and Optical Physics},
    author = {McLoughlin, James J. and Nizamani, Altaf H. and Siverns, James D. and Sterling, Robin C. and Hughes, Marcus D. and Lekitsch, Bjoern and Stein, Björn and Weidt, Seb and Hensinger, Winfried K.},
    number = {1},
    pages = {1--9},
    volume = {83},
    isbn = {0672115153027},
    doi = {10.1103/PhysRevA.83.013406},
    issn = {10502947},
    arxivId = {1007.4010}
}

@article{Das2005,
    title = {{Absolute frequency measurements in Yb with 0.08ppb uncertainty: Isotope shifts and hyperfine structure in the 399-nm S01???P11 line}},
    year = {2005},
    journal = {Physical Review A - Atomic, Molecular, and Optical Physics},
    author = {Das, Dipankar and Barthwal, Sachin and Banerjee, Ayan and Natarajan, Vasant},
    number = {3},
    pages = {1--7},
    volume = {72},
    doi = {10.1103/PhysRevA.72.032506},
    issn = {10502947}
}

@article{VanDishoeck2014,
    title = {{Astrochemistry of dust, ice and gas: introduction and overview}},
    year = {2014},
    journal = {Faraday Discussions},
    author = {van Dishoeck, Ewine F.},
    pages = {9},
    volume = {168},
    url = {http://xlink.rsc.org/?DOI=C4FD00140K},
    isbn = {1359-6640},
    doi = {10.1039/C4FD00140K},
    issn = {1359-6640},
    arxivId = {arXiv:1411.5280v1}
}

@article{Henning2013,
    title = {{Chemistry in protoplanetary disks}},
    year = {2013},
    journal = {Chemical Reviews},
    author = {Henning, Thomas and Semenov, Dmitry},
    number = {12},
    pages = {9016--9042},
    volume = {113},
    isbn = {0009-2665},
    doi = {10.1021/cr400128p},
    issn = {00092665},
    pmid = {24191756},
    arxivId = {1310.3151}
}

@article{Su1973,
    title = {{Ion-polar molecule collisions: the effect of ion size on ion-polar molecule rate constants; the parameterization of the average-dipole-orientation theory}},
    year = {1973},
    journal = {International Journal of Mass Spectrometry and Ion Physics},
    author = {Su, Timothy and Bowers, Michael T.},
    number = {4},
    pages = {347--356},
    volume = {12},
    doi = {10.1016/0020-7381(73)80104-4},
    issn = {00207381}
}

@article{Collections2006,
    title = {{15 . Introduction to Interstellar Chemistry}},
    year = {2006},
    journal = {Structure},
    author = {Collections, Data},
    number = {1998},
    pages = {1--28},
    volume = {317}
}

@article{Semczuk2009,
    title = {{An ion trap for laser spectroscopy on lithium ions}},
    year = {2009},
    author = {Semczuk, Mariusz}
}

@article{MartinezJr.2008,
    title = {{Gas Phase Study of C + Reactions of Interstellar Relevance}},
    year = {2008},
    journal = {The Astrophysical Journal},
    author = {Martinez, Jr., Oscar and Betts, Nicholas B. and Villano, Stephanie M. and Eyet, Nicole and Snow, Theodore P. and Bierbaum, Veronica M.},
    number = {2},
    pages = {1486--1492},
    volume = {686},
    url = {http://iopscience.iop.org/article/10.1086/591548},
    doi = {10.1086/591548},
    issn = {0004-637X}
}

@article{Klemperer2006,
    title = {{Interstellar chemistry.}},
    year = {2006},
    journal = {Proceedings of the National Academy of Sciences of the United States of America},
    author = {Klemperer, William},
    number = {33},
    pages = {12232--4},
    volume = {103},
    url = {http://www.pnas.org/content/103/33/12232.abstract},
    isbn = {00278424},
    doi = {10.1073/pnas.0605352103},
    issn = {0027-8424},
    pmid = {16894148},
    keywords = {Astronomy, Astronomy: instrumentation, Astronomy: methods, Carbon, Carbon: chemistry, Chemistry, Organic, Cosmic Dust, Evolution, Chemical, Extraterrestrial Environment, Extraterrestrial Environment: chemistry, Helium, Helium: chemistry, Humans, Hydrogen, Hydrogen: chemistry, Organic Chemistry Phenomena, Origin of Life, Thermodynamics}
}

@article{Lo2014,
    title = {{All-solid-state continuous-wave laser systems for ionization, cooling and quantum state manipulation of beryllium ions}},
    year = {2014},
    journal = {Applied Physics B: Lasers and Optics},
    author = {Lo, Hsiang Yu and Alonso, Joseba and Kienzler, Daniel and Keitch, Benjamin C. and De Clercq, Ludwig E. and Negnevitsky, Vlad and Home, Jonathan P.},
    number = {1-2},
    pages = {17--25},
    volume = {114},
    isbn = {0946-2171},
    doi = {10.1007/s00340-013-5605-0},
    issn = {09462171},
    arxivId = {1306.3780}
}

@article{King1999,
    title = {{Quantum State Engineering and Information Processing with Trapped Ions}},
    year = {1999},
    author = {King, Brian E},
    url = {https://jilawww.colorado.edu/pubs/thesis/king/king_thesis.pdf}
}

@article{Stubenrauch2010,
    title = {{Frequency Modulation Saturation Spectroscopy Laser Lock of An Interference-Filter-Stabilized External-Cavity Diode Laser}},
    year = {2010},
    author = {Stubenrauch, Felix},
    pages = {1--24},
    url = {http://ultracold.physics.utoronto.ca/reprints/FStubenrauchReport.pdf}
}

@article{Galli1997,
    title = {{ASTRONOMY AND ASTROPHYSICS The chemistry of the early Universe}},
    year = {1997},
    journal = {Reactions},
    author = {Galli, Daniele and Palla, Francesco},
    volume = {02},
    arxivId = {arXiv:astro-ph/9803315v1},
    archivePrefix = {arXiv},
    eprint = {9803315v1},
    primaryClass = {astro-ph},
    keywords = {and, cosmology, early universe - atomic}
}

@article{Smith1992,
    title = {{the Ion Chemistry of Interstellar Clouds}},
    year = {1992},
    journal = {Chemical Reviews},
    author = {Smith, D},
    number = {7},
    pages = {1473--1485},
    volume = {92}
}

@article{Friedenauer2010,
    title = {{Simulation of the Quantum Ising Model in an Ion Trap}},
    year = {2010},
    author = {Friedenauer, Axel}
}

@article{Fujii2000,
    title = {{Alkali-metal ion/molecule association reactions and their applications to mass spectrometry}},
    year = {2000},
    journal = {Mass spectrometry reviews},
    author = {Fujii, T},
    number = {3},
    pages = {111--138},
    volume = {19},
    url = {http://www.ncbi.nlm.nih.gov/pubmed/10902109},
    isbn = {1098-2787 (Electronic)0277-7037 (Linking)},
    doi = {10.1002/1098-2787(200005/06)19:3<111::AID-MAS1>3.0.CO;2-K},
    issn = {1098-2787},
    pmid = {10902109}
}

@article{Campbell2015,
    title = {{Laboratory confirmation of C60+ as the carrier of two diffuse interstellar bands}},
    year = {2015},
    journal = {Nature},
    author = {Campbell, E. K. and Holz, M. and Gerlich, D. and Maier, J. P.},
    number = {7560},
    pages = {322--323},
    volume = {523},
    url = {http://www.nature.com/doifinder/10.1038/nature14566},
    isbn = {0028-0836},
    doi = {10.1038/nature14566},
    issn = {0028-0836},
    pmid = {26178962}
}

@article{Marquette1985,
    title = {{Ion-polar-molecule reactions: A CRESU study of He+, C+, N+ + H2O, NH3 at 27, 68 and 163 K}},
    year = {1985},
    journal = {Chemical Physics Letters},
    author = {Marquette, J. B. and Rowe, B. R. and Dupeyrat, G. and Poissant, G. and Rebrion, C.},
    number = {5},
    pages = {431--435},
    volume = {122},
    doi = {10.1016/0009-2614(85)87241-9},
    issn = {00092614}
}

@article{Sullivan2013,
    title = {{The MOTion trap: a hybrid atom-ion trap system for experiments in cold-chemistry and the production of cold polar molecular ions}},
    year = {2013},
    author = {Sullivan, Scott Trevor},
    url = {http://hudsongroup.physics.ucla.edu/sites/default/files/Sullivan-Dissertation-Web.pdf},
    keywords = {Sullivan Thesis}
}

@article{Schiller2017,
    title = {{Quantum state preparation of homonuclear molecular ions enabled via a cold buffer gas: An <i>ab initio</i> study for the <math> <mrow> <msub> <mi mathvariant="normal">H</mi> <mn>2</mn> </msub> <msup> <mrow/> <mo>+</mo> </msup> </mrow> </math> and the <mat}},
    year = {2017},
    journal = {Physical Review A},
    author = {Schiller, S. and Kortunov, I. and Hern{\'{a}}ndez Vera, M. and Gianturco, F. and da Silva, H.},
    number = {4},
    pages = {043411},
    volume = {95},
    url = {http://link.aps.org/doi/10.1103/PhysRevA.95.043411},
    doi = {10.1103/PhysRevA.95.043411},
    issn = {2469-9926}
}

@article{Brouard2014,
    title = {{Taming molecular collisions using electric and magnetic fields.}},
    year = {2014},
    journal = {Chemical Society reviews},
    author = {Brouard, Mark and Parker, David H and van de Meerakker, Sebastiaan Y T},
    pages = {7279--7294},
    volume = {43},
    publisher = {Royal Society of Chemistry},
    url = {http://pubs.rsc.org/en/content/articlehtml/2014/cs/c4cs00150h},
    doi = {10.1039/c4cs00150h},
    issn = {1460-4744},
    pmid = {25115818}
}

@article{Phys2014,
    title = {{References : 16 Michael L . Hause et al ., “ Roaming- ­ ‐ mediated isomerization in the photodissociation of 27 S . Willitsch et al ., “ Cold Reactive Collisions Between Laser- ­ ‐ Cooled Ions And Velocity- ­ ‐ Selected Neutral Molecules ”, Phys . Rev . L}},
    year = {2014},
    author = {Phys, New J and Rowe, R and Sci, Space and Clary, D C and Adams, N G and Smith, D and Clary, D C and Clary, D C and Dateo, C E and Smith, D and Hawley, M and Smith, M A and Campbell, Wesley C and Doyle, John M},
    number = {2013},
    pages = {2012--2013},
    volume = {490}
}

@article{Millar1997,
    title = {{The UMIST database for astrochemistry 1995}},
    year = {1997},
    journal = {SERIES Astron. Astrophys. Suppl. Ser},
    author = {Millar, T J and Farquhar, P R A and Willacy, K},
    number = {121},
    pages = {139--185},
    volume = {139},
    isbn = {0365-0138},
    doi = {10.1051/0004-6361:20064981},
    issn = {0004-6361},
    arxivId = {astro-ph.SR/1212.6362},
    keywords = {ISM, molecules — molecular data — molecular processes}
}

@article{Campbell,
    title = {{A cold polar molecule-ion chemistry platform for testing reactive collision theories, new reactions, and methods of quantum control}},
    author = {Campbell, Wesley C and Hudson, Eric R and Suits, Arthur G},
    pages = {1--15}
}

@article{Manai2013,
    title = {{Laser cooling of rotation and vibration by optical pumping}},
    year = {2013},
    journal = {Molecular Physics},
    author = {Manai, I. and Horchani, R. and Hamamda, M. and Fioretti, A. and Allegrini, M. and Lignier, H. and Pillet, P. and Comparat, D.},
    number = {July},
    pages = {1--11},
    volume = {8976},
    url = {http://www.tandfonline.com/doi/abs/10.1080/00268976.2013.813980},
    doi = {10.1080/00268976.2013.813980},
    issn = {0026-8976},
    arxivId = {physics.atom-ph/1306.3461},
    keywords = {molecular spectroscopy, optical, photo-association, ultra-cold molecules, vibrational and rotational cooling}
}

@article{Tarallo2016,
    title = {{BaH molecular spectroscopy with relevance to laser cooling}},
    year = {2016},
    journal = {Physical Review A},
    author = {Tarallo, M. G. and Iwata, G. Z. and Zelevinsky, T.},
    number = {3},
    volume = {93},
    doi = {10.1103/PhysRevA.93.032509},
    issn = {24699934},
    arxivId = {1512.06316}
}

@article{Comparat2014,
    title = {{Molecular cooling via Sisyphus processes}},
    year = {2014},
    journal = {Physical Review A - Atomic, Molecular, and Optical Physics},
    author = {Comparat, Daniel},
    number = {4},
    volume = {89},
    isbn = {1050-2947},
    doi = {10.1103/PhysRevA.89.043410},
    issn = {10941622},
    arxivId = {1404.2689}
}

@article{Norrgard2016,
    title = {{Submillikelvin Dipolar Molecules in a Radio-Frequency Magneto-Optical Trap}},
    year = {2016},
    journal = {Physical Review Letters},
    author = {Norrgard, E. B. and McCarron, D. J. and Steinecker, M. H. and Tarbutt, M. R. and DeMille, D.},
    number = {6},
    volume = {116},
    isbn = {1079-7114 (Electronic){\textbackslash}r0031-9007 (Linking)},
    doi = {10.1103/PhysRevLett.116.063004},
    issn = {10797114},
    pmid = {26918987},
    arxivId = {1511.00930}
}

@article{Onvlee2016,
    title = {{Probing Scattering Resonances in (Ultra)Cold Inelastic NO-He Collisions}},
    year = {2016},
    journal = {Journal of Physical Chemistry A},
    author = {Onvlee, Jolijn and Avoird, Ad Van Der and Groenenboom, Gerrit and Van De Meerakker, Sebastiaan Y T},
    number = {27},
    pages = {4770--4777},
    volume = {120},
    doi = {10.1021/acs.jpca.5b11951},
    issn = {15205215},
    pmid = {26760050}
}

@article{Chervenkov2014,
    title = {{Continuous centrifuge decelerator for polar molecules}},
    year = {2014},
    journal = {Physical Review Letters},
    author = {Chervenkov, S. and Wu, X. and Bayerl, J. and Rohlfes, A. and Gantner, T. and Zeppenfeld, M. and Rempe, G.},
    number = {1},
    pages = {1--5},
    volume = {112},
    doi = {10.1103/PhysRevLett.112.013001},
    issn = {00319007},
    pmid = {24483892},
    arxivId = {1311.7119}
}

@article{Truppe2017,
    title = {{An intense, cold, velocity-controlled molecular beam by frequency-chirped laser slowing}},
    year = {2017},
    journal = {New Journal of Physics},
    author = {Truppe, S. and Williams, H. J. and Fitch, N. J. and Hambach, M. and Wall, T. E. and Hinds, E. A. and Sauer, B. E. and Tarbutt, M. R.},
    number = {2},
    volume = {19},
    publisher = {IOP Publishing},
    doi = {10.1088/1367-2630/aa5ca2},
    issn = {13672630},
    arxivId = {1605.06055},
    keywords = {laser cooling, molecules, radiation pressure slowing}
}

@article{Arthurs1960,
    title = {{The Theory of Scattering by a Rigid Rotator}},
    year = {1960},
    journal = {Proceedings of the Royal Society A: Mathematical, Physical and Engineering Sciences},
    author = {Arthurs, a. M. and Dalgarno, a.},
    number = {1287},
    pages = {540--551},
    volume = {256},
    doi = {10.1098/rspa.1960.0125},
    issn = {1364-5021}
}

@article{Jenniskens1994,
    title = {{A survey of diffuse interstellar bands (3800-8680 Å)}},
    year = {1994},
    journal = {Astronomy and Astrophysics Supplement Series},
    author = {Jenniskens, P. and Desert, F.-X.},
    pages = {39--78},
    volume = {106},
    isbn = {4444444444444}
}

@article{Truhlar1976,
    title = {{Close-coupling calculations of differential cross sections for elastic scattering and rotational excitation of hydrogen molecules by electrons at 10 and 40 eV}},
    year = {1976},
    journal = {The Journal of Chemical Physics},
    author = {Truhlar, Donald G.},
    number = {8},
    pages = {3092},
    volume = {65},
    url = {http://link.aip.org/link/?JCP/65/3092/1&Agg=doi},
    doi = {10.1063/1.433522},
    issn = {00219606}
}

@article{Balakrishnan2001,
    title = {{On the quenching of rovibrationally excited molecular oxygen at ultracold temperatures}},
    year = {2001},
    journal = {J. Phys. Chem. A},
    author = {Balakrishnan, N and Dalgarno, A},
    number = {11},
    pages = {2348--2351},
    volume = {105},
    doi = {10.1021/jp0034224},
    issn = {1089-5639}
}

@article{Concepts,
    title = {{Chapter 2}},
    author = {Concepts, Basic and Kinetics, Reaction},
    pages = {5--32}
}

@article{Patterson2008,
    title = {{Intense Atomic and Molecular Beams via Neon Buffer Gas Cooling}},
    year = {2008},
    journal = {Physics},
    author = {Patterson, David and Rasmussen, Julia and Doyle, John M},
    pages = {1--15},
    doi = {10.1088/1367-2630/11/5/055018},
    arxivId = {arXiv:0812.2212v1}
}

@article{Campbell2009,
    title = {{Beam Production Using a Cryogenic Helium Buffer Gas}},
    year = {2009},
    journal = {Cold Molecules: Theory, Experiment, Applications},
    author = {Campbell, Wes C. and Doyle, John},
    pages = {473--508},
    isbn = {978-1420064650}
}

@article{Brouard2013,
    title = {{Molecular Reaction Dynamics Lectures}},
    year = {2013},
    journal = {Oxford University},
    author = {Brouard, M},
    number = {i},
    pages = {1--38},
    isbn = {9780521842761},
    doi = {10.1017/CBO9780511614125},
    issn = {0717-6163},
    pmid = {15003161},
    arxivId = {arXiv:gr-qc/9809069v1},
    archivePrefix = {arXiv},
    eprint = {9809069v1},
    primaryClass = {gr-qc}
}

@article{Mizrahi2013,
    title = {{Ultrafast Control of Spin and Motion in Trapped Ions}},
    year = {2013},
    author = {Mizrahi, Jonathan Albert}
}

@article{Li2016,
    title = {{Rotational relaxation of fluoromethane molecules in low-temperature collisions with buffer-gas helium}},
    year = {2016},
    journal = {Physical Review A},
    author = {Li, Xingjia and Xu, Liang and Yin, Yanning and Xu, Supeng and Xia, Yong and Yin, Jianping},
    number = {6},
    pages = {1--8},
    volume = {93},
    doi = {10.1103/PhysRevA.93.063407},
    issn = {24699934}
}

@article{Love1987,
    title = {{The reactivity of hoc + and the proton affinity of co at o*}},
    year = {1987},
    author = {Love, G},
    pages = {255--271},
    volume = {80}
}

@article{Freeman1987,
    title = {{A selected-ion flow tube study of the C+ + H2O reaction}},
    year = {1987},
    journal = {International Journal of Mass Spectrometry and Ion Processes},
    author = {Freeman, Colin G. and McEwan, Murray J.},
    number = {1},
    pages = {127--131},
    volume = {75},
    doi = {10.1016/0168-1176(87)83069-0},
    issn = {01681176}
}

@article{Polyansky2016,
    title = {{Calculation of rotation-vibration energy levels of the ammonia molecule based on an ab initio potential energy surface}},
    year = {2016},
    journal = {Journal of Molecular Spectroscopy},
    author = {Polyansky, O.L. and Ovsyannikov, R.I. and Kyuberis, A.A. and Lodi, L. and Tennyson, J. and Yachmenev, A. and Yurchenko, S.N. and Zobov, N.F.},
    volume = {327},
    doi = {10.1016/j.jms.2016.08.003},
    issn = {1096083X 00222852},
    keywords = {[Ab initio, Ammonia, Dissociation energy, Global p}
}

@article{Savin2017,
    title = {{On the Energetics of the {\$}{\{}{\textbackslash}mathrm{\{}HCO{\}}{\}}{\^{}}{\{}+{\}}+{\{}{\textbackslash}rm{\{}C{\}}{\}}{\textbackslash}to {\{}{\textbackslash}mathrm{\{}CH{\}}{\}}{\^{}}{\{}+{\}}+{\textbackslash}mathrm{\{}CO{\}}{\$} Reaction and Some Astrochemical Implications}},
    year = {2017},
    journal = {The Astrophysical Journal},
    author = {Savin, D. W. and Bhaskar, R. G. and Vissapragada, S. and Urbain, X.},
    number = {2},
    pages = {154},
    volume = {844},
    publisher = {IOP Publishing},
    url = {http://stacks.iop.org/0004-637X/844/i=2/a=154?key=crossref.cd2ac366193be6f386a4d9ba4b6fc6c1},
    doi = {10.3847/1538-4357/aa7bec},
    issn = {1538-4357},
    keywords = {astrobiology, astrobiology,astrochemistry,ISM: molecules,molecul, astrochemistry, ism, molecular data, molecular processes, molecules}
}

@article{Choi1999,
    title = {{Laser ablation of graphite at 355 nm : cluster formation and plume propagation}},
    year = {1999},
    journal = {International Journal of Mass Spectrometry},
    author = {Choi, Young-ku and Im, Hoong-sun and Jung, Kwang-woo},
    pages = {115--123},
    volume = {189},
    keywords = {graphite, laser ablation, mass spectrometry, time-of-flight, tof}
}

@article{Anicich2003,
    title = {{An Index of the Literature for Bimolecular Gas Phase Cation-Molecule Reaction Kinetics}},
    year = {2003},
    author = {Anicich, Vincent G},
    number = {November}
}

@article{Eichelberger2003,
    title = {{Collision rate constants for polarizable ions}},
    year = {2003},
    journal = {Journal of the American Society for Mass Spectrometry},
    author = {Eichelberger, Brian R. and Snow, Theodore P. and Bierbaum, Veronica M.},
    number = {5},
    pages = {501--505},
    volume = {14},
    isbn = {1044-0305},
    doi = {10.1016/S1044-0305(03)00134-X},
    issn = {10440305},
    pmid = {12745219}
}

@article{Wineland1997,
    title = {{Experimental issues in coherent quantum-state manipulation of trapped atomic ions}},
    year = {1997},
    author = {Wineland, D. J. and Monroe, C. and Itano, W. M. and Leibfried, D. and King, B. E. and Meekhof, D. M.},
    url = {http://arxiv.org/abs/quant-ph/9710025},
    isbn = {1044-677X},
    doi = {10.6028/jres.103.019},
    issn = {1044677X},
    pmid = {25246403},
    arxivId = {quant-ph/9710025},
    keywords = {coherent control, entangled states, laser cooling and trapping, quantum computation, quantum state engineering, trapped ions}
}

@article{Eschner2003,
    title = {{Laser cooling of trapped ions}},
    year = {2003},
    journal = {J. Opt. Soc. Am. B},
    author = {Eschner, J u rgen and Morigi, Giovanna and Schmidt-Kaler, Ferdinand and Blatt, Rainer},
    number = {5},
    pages = {1003--1015},
    volume = {20},
    url = {http://josab.osa.org/abstract.cfm?URI=josab-20-5-1003%5Cnpapers3://publication/doi/10.1364/JOSAB.20.001003},
    issn = {07403224}
}

@article{Hierl1997,
    title = {{Rate coefficients for the endothermic reactions C+(2P) + H2(D2)→CH+(CD+)+H(D) as functions of temperature from 400-1300 K}},
    year = {1997},
    journal = {Journal of Chemical Physics},
    author = {Hierl, Peter M. and Morris, Robert A. and Viggiano, A. A.},
    number = {24},
    pages = {10145--10152},
    volume = {106},
    doi = {10.1063/1.474093},
    issn = {00219606}
}

@article{Ervin1986b,
    title = {{C+(2P) + H2 (D2, HD) CH+ (CD+) + H(D). II. Statistical phase space theory}},
    year = {1986},
    journal = {J. Chem. Phys.},
    author = {Ervin, Kent M and Armentrout, P B},
    number = {D},
    pages = {6750--6760},
    volume = {84}
}

@article{Larson1986,
    title = {{Sympathetic cooling of trapped ions: A laser-cooled two-species nonneutral ion plasma}},
    year = {1986},
    journal = {Physical Review Letters},
    author = {Larson, D. J. and Bergquist, J. C. and Bollinger, J. J. and Itano, Wayne M. and Wineland, D. J.},
    number = {1},
    pages = {70--73},
    volume = {57},
    isbn = {0031-9007},
    doi = {10.1103/PhysRevLett.57.70},
    issn = {00319007},
    pmid = {10033360},
    arxivId = {arXiv:1011.1669v3}
}

@article{Ervin1985,
    title = {{Translational energy dependence of Ar <sup>+</sup> +XY→ArX <sup>+</sup> +Y (XY=H <sub>2</sub> ,D <sub>2</sub> ,HD) from thermal to 30 eV c.m.}},
    year = {1985},
    journal = {The Journal of Chemical Physics},
    author = {Ervin, Kent M. and Armentrout, P. B.},
    number = {1},
    pages = {166--189},
    volume = {83},
    url = {http://aip.scitation.org/doi/10.1063/1.449799},
    doi = {10.1063/1.449799},
    issn = {0021-9606}
}

@article{Harding2017,
    title = {{Spin Resonance Clock Transition of the Endohedral Fullerene N 15 @ C60}},
    year = {2017},
    journal = {Physical Review Letters},
    author = {Harding, R T and Zhou, S. and Zhou, J and Lindvall, T and Myers, W K and Ardavan, A and Briggs, G. A.D. and Porfyrakis, K and Laird, E A},
    number = {14},
    pages = {1--6},
    volume = {119},
    doi = {10.1103/PhysRevLett.119.140801},
    issn = {10797114},
    arxivId = {1705.04817}
}

@article{Campbell2016a,
    title = {{{\$}{\{}{\{}{\textbackslash}rm{\{}C{\}}{\}}{\}}{\_}{\{}60{\}}{\^{}}{\{}+{\}}{\$} IN DIFFUSE CLOUDS: LABORATORY AND ASTRONOMICAL COMPARISON}},
    year = {2016},
    journal = {The Astrophysical Journal},
    author = {Campbell, E. K. and Holz, M. and Maier, J. P.},
    number = {1},
    pages = {L4},
    volume = {826},
    publisher = {IOP Publishing},
    url = {http://stacks.iop.org/2041-8205/826/i=1/a=L4?key=crossref.432efb042eb640a8217676e7678eeb1e},
    doi = {10.3847/2041-8205/826/1/L4},
    issn = {2041-8213},
    keywords = {ISM: molecules, ism, molecules}
}

@article{Campbell2016,
    title = {{GAS PHASE ABSORPTION SPECTROSCOPY OF {\$}{\{}{\{}{\textbackslash}rm{\{}C{\}}{\}}{\}}{\_}{\{}60{\}}{\^{}}{\{}+{\}}{\$} AND {\$}{\{}{\{}{\textbackslash}rm{\{}C{\}}{\}}{\}}{\_}{\{}70{\}}{\^{}}{\{}+{\}}{\$} IN A CRYOGENIC ION TRAP: COMPARISON WITH ASTRONOMICAL MEASUREMENTS}},
    year = {2016},
    journal = {The Astrophysical Journal},
    author = {Campbell, E. K. and Holz, M. and Maier, J. P. and Gerlich, D. and Walker, G. A. H. and Bohlender, D.},
    number = {1},
    pages = {17},
    volume = {822},
    publisher = {IOP Publishing},
    url = {http://stacks.iop.org/0004-637X/822/i=1/a=17?key=crossref.34bdce876934e0a883b40aa3e2f12821},
    doi = {10.3847/0004-637X/822/1/17},
    issn = {1538-4357},
    keywords = {ISM: molecules, ism, molecules}
}

@article{Chakrabarty2013,
    title = {{A Novel Method to Measure Electronic Spectra of Cold Molecular Ions}},
    year = {2013},
    journal = {The Journal of Physical Chemistry Letters},
    author = {Chakrabarty, Satrajit and Holz, Mathias and Campbell, Ewen K. and Banerjee, Agniva and Gerlich, Dieter and Maier, John P.},
    number = {23},
    pages = {4051--4054},
    volume = {4},
    url = {http://pubs.acs.org/doi/abs/10.1021/jz402264n},
    doi = {10.1021/jz402264n},
    issn = {1948-7185}
}

@article{Magg1988,
    title = {{The ground-state infrared spectrum of strontium monohydride (SrH)}},
    year = {1988},
    journal = {Chemical Physics Letters},
    author = {Magg, Ulrich and Birk, Helmut and Jones, Harold},
    number = {3},
    pages = {263--266},
    volume = {151},
    doi = {10.1016/0009-2614(88)85286-2},
    issn = {00092614}
}

@article{Dolg1989,
    title = {{Pseudopotential study of the rare earth monohydrides, monoxides and monofluorides}},
    year = {1989},
    journal = {Theoretica Chimica Acta},
    author = {Dolg, M. and Stoll, H.},
    number = {5},
    pages = {369--387},
    volume = {75},
    isbn = {00405744 (ISSN)},
    doi = {10.1007/BF00526695},
    issn = {00405744},
    keywords = {Pseudopotentials, Rare earth elements}
}

@article{Campbell2017,
    title = {{Perspective: C60+ and laboratory spectroscopy related to diffuse interstellar bands}},
    year = {2017},
    journal = {Journal of Chemical Physics},
    author = {Campbell, E. K. and Maier, J. P.},
    number = {16},
    volume = {146},
    doi = {10.1063/1.4980119},
    issn = {00219606}
}

@article{Schowalter2016,
    title = {{Blue-sky bifurcation of ion energies and the limits of neutral-gas sympathetic cooling of trapped ions}},
    year = {2016},
    journal = {Nature Communications},
    author = {Schowalter, Steven J. and Dunning, Alexander J. and Chen, Kuang and Puri, Prateek and Schneider, Christian and Hudson, Eric R.},
    pages = {1--8},
    volume = {7},
    publisher = {Nature Publishing Group},
    url = {http://dx.doi.org/10.1038/ncomms12448},
    isbn = {2041-1723 (Electronic){\textbackslash}r2041-1723 (Linking)},
    doi = {10.1038/ncomms12448},
    issn = {20411723},
    pmid = {27511602},
    arxivId = {1608.03376}
}

@book{Lange1944,
    title = {{Handbook of chemistry}},
    year = {1944},
    booktitle = {Soil Science},
    author = {Lange, N a},
    url = {http://journals.lww.com/soilsci/Abstract/1944/07000/Handbook_of_Chemistry.13.aspx},
    isbn = {0070163847}
}

@article{Chen2014,
    title = {{Neutral gas sympathetic cooling of an ion in a Paul trap}},
    year = {2014},
    journal = {Physical Review Letters},
    author = {Chen, Kuang and Sullivan, Scott T. and Hudson, Eric R.},
    number = {14},
    pages = {1--5},
    volume = {112},
    doi = {10.1103/PhysRevLett.112.143009},
    issn = {10797114},
    arxivId = {arXiv:1310.5190v1}
}

@article{Bozhinova2013,
    title = {{Discharge tube with coaxial geometry for efficient production of metal hydrides.}},
    year = {2013},
    journal = {The Review of scientific instruments},
    author = {Bozhinova, I and Kolev, St and Dimitrova, M and Popov, Tsv and Pashov, a and Maxwell, SE},
    number = {July},
    month = {9},
    pages = {093107},
    volume = {84},
    url = {http://adsabs.harvard.edu/abs/2007PhDT.......192M http://www.ncbi.nlm.nih.gov/pubmed/24089816},
    doi = {10.1063/1.4820959},
    issn = {1089-7623},
    pmid = {24089816}
}

@article{Ervin1986a,
    title = {{C+(2P)+H2(D2,HD)→CH +(CD+)+H(D). I. Reaction cross sections and kinetic isotope effects from threshold to 15 eV cm}},
    year = {1986},
    journal = {The Journal of Chemical Physics},
    author = {Ervin, Kent M K.M. and Armentrout, P.B. B},
    number = {12},
    pages = {6738--6749},
    volume = {84},
    issn = {00219606}
}

@article{Ewart2005,
    title = {{Atomic Physics}},
    year = {2005},
    author = {Ewart, P},
    isbn = {0198506961},
    doi = {10.1038/466035a},
    issn = {14764687},
    pmid = {20596002},
    arxivId = {arXiv:1011.1669v3}
}

@article{Koput2011,
    title = {{The ab initio ground-state potential energy function of beryllium monohydride, BeH}},
    year = {2011},
    journal = {Journal of Chemical Physics},
    author = {Koput, Jacek},
    number = {24},
    volume = {135},
    doi = {10.1063/1.3671610},
    issn = {00219606},
    pmid = {22225157}
}

@article{Hutzler2011c,
    title = {{A cryogenic beam of refractory, chemically reactive molecules with expansion cooling}},
    year = {2011},
    journal = {{\ldots} Chemistry Chemical {\ldots}},
    author = {Hutzler, NR Nicholas R and Parsons, MF Maxwell F and Gurevich, Yulia V and Hess, Paul W and Petrik, Elizabeth and Spaun, Ben and Vutha, Amar C and Demille, David and Gabrielse, Gerald and Doyle, John M},
    number = {42},
    pages = {1--16},
    volume = {13},
    url = {http://pubs.rsc.org/en/content/articlehtml/2011/cp/c1cp20901a%5Cnhttp://www.ncbi.nlm.nih.gov/pubmed/21698321%5Cnhttp://arxiv.org/abs/1101.4217 http://pubs.rsc.org/en/content/articlehtml/2011/cp/c1cp20901a},
    isbn = {1463-9076},
    doi = {10.1039/c1cp20901a},
    issn = {1463-9076},
    pmid = {21698321},
    arxivId = {arXiv:1101.4217v1}
}

@article{Lange1999,
    title = {{Properties of Atoms, Radicals, and Bonds}},
    year = {1999},
    journal = {Lange's Handbook of Chemistry},
    author = {Lange, N.a.},
    number = {84},
    pages = {41--4},
    volume = {372},
    isbn = {0070163847},
    doi = {10.1002/anie.200352070},
    issn = {1520-5126},
    pmid = {710320124}
}

@article{Babb2017,
    title = {{Radiative association of C({\$}{\{}{\}}{\^{}}3P{\$}) and H{\$}{\{}{\}}{\^{}}+{\$}: Triplet states}},
    year = {2017},
    author = {Babb, James F. and McLaughlin, Brendan M.},
    number = {February},
    pages = {1--7},
    volume = {7},
    url = {http://arxiv.org/abs/1702.07777},
    arxivId = {1702.07777},
    keywords = {astrochemistry, ism, molecular data, molecular processes, molecules}
}

@article{Ionov2000,
    title = {{Energy of chemical bonds in lanthanide hydrides}},
    year = {2000},
    journal = {Russian Journal of Coordination Chemistry/Koordinatsionnaya Khimiya},
    author = {Ionov, S. P. and Kuznetsov, N. T.},
    number = {12},
    pages = {887--890},
    volume = {26},
    doi = {10.1023/A:1026687210854},
    issn = {10703284}
}

@article{Dzhonson2006,
    title = {{Apparatus for the study of electronic spectra of collisionally cooled cations: para-dichlorobenzene}},
    year = {2006},
    journal = {Journal of Molecular Structure},
    author = {Dzhonson, Anatoly and Gerlich, Dieter and Bieske, Evan J. and Maier, John P.},
    number = {1-3},
    pages = {93--97},
    volume = {795},
    doi = {10.1016/j.molstruc.2005.11.044},
    issn = {00222860},
    keywords = {Cold-cations, Electronic spectra, Ion-trap}
}

@article{Leidlmair2012,
    title = {{Structures, energetics, and dynamics of helium adsorbed on isolated fullerene ions}},
    year = {2012},
    journal = {Physical Review Letters},
    author = {Leidlmair, Christian and Wang, Yang and Bartl, Peter and Sch{\"{o}}bel, Harald and Denifl, Stephan and Probst, Michael and Alcam{\'{i}}, Manuel and Mart{\'{i}}n, Fernando and Zettergren, Henning and Hansen, Klavs and Echt, Olof and Scheier, Paul},
    number = {7},
    pages = {1--5},
    volume = {108},
    isbn = {0031-9007},
    doi = {10.1103/PhysRevLett.108.076101},
    issn = {00319007}
}

@article{Geballe2016,
    title = {{The diffuse interstellar bands - A brief review}},
    year = {2016},
    journal = {Journal of Physics: Conference Series},
    author = {Geballe, T. R.},
    number = {6},
    volume = {728},
    doi = {10.1088/1742-6596/728/6/062005},
    issn = {17426596}
}

@article{Walker2015a,
    title = {{IDENTIFICATION of MORE INTERSTELLAR C60+BANDS}},
    year = {2015},
    journal = {Astrophysical Journal Letters},
    author = {Walker, G. A H and Bohlender, D. A. and Maier, J. P. and Campbell, E. K.},
    number = {1},
    pages = {L8},
    volume = {812},
    publisher = {IOP Publishing},
    url = {http://dx.doi.org/10.1088/2041-8205/812/1/L8},
    doi = {10.1088/2041-8205/812/1/L8},
    issn = {20418213},
    keywords = {ISM: general, ISM: lines and bands, ISM: molecules}
}

@article{Lan2015,
    title = {{Exploring the diffuse interstellar bands with the Sloan Digital Sky Survey}},
    year = {2015},
    journal = {Mnras},
    author = {Lan, Ting-Wen and M{\'{e}}nard, Brice and Zhu, Guangtun},
    number = {December 2017},
    pages = {3629--3649},
    volume = {452},
    doi = {10.1093/mnras/stv1519},
    issn = {0035-8711},
    keywords = {1 i n t, absorption features, are a set of, dibs, interstellar medium, ism, lines and bands, methods, molecules, observed ubiquitously in the, ro d u c, statistical, surveys, t i o n, the diffuse interstellar bands, the first}
}

@article{Snow2008,
    title = {{Ion Chemistry in the Interstellar Medium}},
    year = {2008},
    journal = {Annual Review of Analytical Chemistry},
    author = {Snow, Theodore P. and Bierbaum, Veronica M.},
    number = {1},
    pages = {229--259},
    volume = {1},
    url = {http://www.annualreviews.org/doi/10.1146/annurev.anchem.1.031207.112907},
    doi = {10.1146/annurev.anchem.1.031207.112907},
    issn = {1936-1327},
    pmid = {20636080},
    keywords = {interstellar clouds, interstellar species, ion-atom reactions}
}

@article{VanDishoeck2013,
    title = {{Interstellar water chemistry: From laboratory to observations}},
    year = {2013},
    journal = {Chemical Reviews},
    author = {Van Dishoeck, Ewine F. and Herbst, Eric and Neufeld, David A.},
    number = {12},
    pages = {9043--9085},
    volume = {113},
    doi = {10.1021/cr4003177},
    issn = {00092665},
    pmid = {24261880},
    arxivId = {1312.4684}
}

@article{Commons2010,
    title = {{Ion-Neutral Chemistry of Importance to Astrophysical and Cosmological Environments}},
    year = {2010},
    author = {Commons, Physical Chemistry and Medium, Interstellar and Citation, Recommended}
}

@article{Chalk1997,
    title = {{Proton-transport catalysis: A systematic study of the rearrangement of the isoformyl cation to the formyl cation}},
    year = {1997},
    journal = {Journal of the American Chemical Society},
    author = {Chalk, Andrew J. and Radom, Leo},
    number = {32},
    pages = {7573--7578},
    volume = {119},
    doi = {10.1021/ja971055c},
    issn = {00027863}
}

@article{Gudeman1982,
    title = {{Experimental Detection of HOC{\^{}}+ by Microwave Spectroscopy}},
    year = {1982},
    journal = {Physical Review Letters},
    author = {Gudeman, Christopher S. and Woods, Claude},
    number = {19},
    pages = {1344--1348},
    volume = {48},
    isbn = {0028-0836},
    doi = {10.1038/nature05266},
    issn = {14764687},
    pmid = {17080088}
}

@book{Pauly,
    title = {{Atom, Molecule, and Cluster Beams I - Basic Theory, Production and Detection of Thermal Energy Beams}},
    year = {2000},
    author = {Pauly, Hans},
    pages = {361},
    isbn = {9783662042137},
    doi = {10.1007/978-3-662-04213-7},
    issn = {00319228},
    pmid = {16917057},
    arxivId = {Pauly00},
    keywords = {Gas Jet Dynamics, Supersonic Jet}
}

@article{Hall2000TS,
    title = {{T l f m s}},
    year = {2000},
    author = {Hall, Gregory E and North, Simon W},
    number = {5},
    keywords = {doppler spectroscopy, implementations of optical frequency, in chemical, kinetics, lation spectroscopy have been, modu-, photodissociation dynamics, radical spectroscopy, recently applied to a, s abstract explicitly time-dependent, wide range of problems}
}

@book{1980NoTitle,
    title = {{No Title}},
    year = {1980},
    pages = {1--35},
    isbn = {0000000000}
}

@article{2016R,
    title = {{≈ 200 km. The parameter R}},
    year = {2016},
    number = {6311},
    volume = {354},
    doi = {10.7910/DVN/BH9UXW.SUPPLEMENTARY}
}

@inproceedings{Ingle2015DesignGas,
    title = {{Design and Development of Downdraft Gasifier to Generate Producer Gas}},
    year = {2015},
    booktitle = {Energy Procedia},
    author = {Ingle, Nikhil Ashok and Lakade, Sanjay Shridhar},
    pages = {423--431},
    volume = {90},
    isbn = {9788599141038},
    doi = {10.1016/j.egypro.2016.11.209},
    issn = {18766102},
    pmid = {19963286},
    arxivId = {arXiv:1011.1669v3},
    keywords = {Biomass, gasifier, performance, producer gas}
}

@misc{Jpcrd465.pdf,
    title = {{jpcrd465.pdf}}
}

@article{Woon2009QUANTUMMOLECULES,
    title = {{QUANTUM CHEMICAL PREDICTIONS OF THE PROPERTIES OF KNOWN AND POSTULATED NEUTRAL INTERSTELLAR MOLECULES}},
    year = {2009},
    author = {Woon, David E and Herbst, Eric},
    number = {5},
    pages = {273--288},
    doi = {10.1088/0067-0049/185/2/273},
    keywords = {1, astrochemistry, introduction, ism, molecules, rate coefficient}
}

@book{SchmiedtMolecularProblems,
    title = {{Molecular Symmetry , Semiclassical Motion New Ideas for Solving Old Problems}},
    author = {Schmiedt, Hanno},
    isbn = {9783319660707}
}

@article{Su2009ParametrizationCalculations,
    title = {{Parametrization of the ion – polar molecule collision rate constant by trajectory calculations Parametrization of the ion-polar molecule collision rate constant by trajectory calculations}},
    year = {2009},
    author = {Su, Timothy and Chesnavich, Walter J},
    number = {1982},
    volume = {5183}
}

@article{Bahnmaier1992TheMonohydride,
    title = {{The ground-state infrared spectra of ytterbium monohydride}},
    year = {1992},
    journal = {chemical physics letters},
    author = {Bahnmaier, H},
    number = {5},
    pages = {609--612},
    volume = {195}
}

@article{Melville2001TheTransition,
    title = {{The visible laser excitation spectrum of YbOH: The ??2??-X??2??+ transition}},
    year = {2001},
    journal = {Journal of Chemical Physics},
    author = {Melville, T. C. and Coxon, J. A.},
    number = {15},
    pages = {6974--6978},
    volume = {115},
    doi = {10.1063/1.1404145},
    issn = {00219606}
}

@article{Chen2014NeutralTrap,
    title = {{Neutral gas sympathetic cooling of an ion in a Paul trap}},
    year = {2014},
    journal = {Physical Review Letters},
    author = {Chen, Kuang and Sullivan, Scott T. and Hudson, Eric R.},
    number = {14},
    pages = {1--5},
    volume = {112},
    doi = {10.1103/PhysRevLett.112.143009},
    issn = {10797114},
    arxivId = {arXiv:1310.5190v1}
}